<?xml version="1.0" encoding="UTF-8" ?>
<collection xmlns:xsi="http://www.w3.org/2001/XMLSchema-instance"
    xsi:schemaLocation="http://www.loc.gov/MARC21/slim
        http://www.loc.gov/standards/marcxml/schema/MARC21slim.xsd"
    xmlns="http://www.loc.gov/MARC21/slim">
<record>
  <leader>00247cam a2200469 i 4500</leader>
  <controlfield tag="001">b12465823</controlfield>
  <controlfield tag="003">LeBAU</controlfield>
  <controlfield tag="005">20140814</controlfield>
  <controlfield tag="008">970527s1954    iq       b    ||0 0 ara d</controlfield>
  <datafield tag="035" ind1=" " ind2=" ">
    <subfield code="a">ocn784328932</subfield>
  </datafield>
  <datafield tag="040" ind1=" " ind2=" ">
    <subfield code="a">LEAUB</subfield>
    <subfield code="b">ara</subfield>
    <subfield code="e">rda</subfield>
    <subfield code="c">LEAUB</subfield>
    <subfield code="d">LEAUB</subfield>
  </datafield>
  <datafield tag="043" ind1=" " ind2=" ">
    <subfield code="a">a-iq---</subfield>
  </datafield>
  <datafield tag="082" ind1="0" ind2="4">
    <subfield code="a">371.42</subfield>
    <subfield code="2">23</subfield>
  </datafield>
  <datafield tag="100" ind1="1" ind2=" ">
    <subfield code="6">880-01</subfield>
    <subfield code="a">Ford, Edwin K.,</subfield>
    <subfield code="e">author.</subfield>
  </datafield>
  <datafield tag="245" ind1="1" ind2="0">
    <subfield code="6">880-02</subfield>
    <subfield code="a">al-Taʻlīm al-ṣināʻī fi al-ʻIrāq :</subfield>
    <subfield code="b">juzʼ khāṣṣ /</subfield>
    <subfield code="c">Idwīn Kūlbāk Fūrd, mudīr qism al-taʻlīm al-mihanī, Hālīfāks - Nūvāskūshiyā, Kanadā wa-khabīr al-taʻlīma l-ṣināʻī fī al-Yūniskū al-muntadab ilá Wizārat al-Maʻārif al-ʻIrāqīyah sanat 951-952 ; tarjamat Jaʻfar Khayyāṭ, al-mufattish al-idārī al-ʻāmm lil-minṭaqah al-rābiʻah.</subfield>
  </datafield>
  <datafield tag="264" ind1=" " ind2="1">
    <subfield code="6">880-03</subfield>
    <subfield code="a">Baghdād :</subfield>
    <subfield code="b">Majalat al-Muʻallim al-jadīd,</subfield>
    <subfield code="c">1954.</subfield>
  </datafield>
  <datafield tag="300" ind1=" " ind2=" ">
    <subfield code="6">880-04</subfield>
    <subfield code="a">256 pages ;</subfield>
    <subfield code="c">24 cm</subfield>
  </datafield>
  <datafield tag="336" ind1=" " ind2=" ">
    <subfield code="a">text</subfield>
    <subfield code="b">txt</subfield>
    <subfield code="2">rdacontent</subfield>
  </datafield>
  <datafield tag="337" ind1=" " ind2=" ">
    <subfield code="a">unmediated</subfield>
    <subfield code="b">n</subfield>
    <subfield code="2">rdamedia</subfield>
  </datafield>
  <datafield tag="338" ind1=" " ind2=" ">
    <subfield code="a">volume</subfield>
    <subfield code="b">nc</subfield>
    <subfield code="2">rdacarrier</subfield>
  </datafield>
  <datafield tag="500" ind1=" " ind2=" ">
    <subfield code="a">الجزء الثالث من السنة السابعة عشرة من مجلة المعلم الجديد.</subfield>
  </datafield>
  <datafield tag="500" ind1=" " ind2=" ">
    <subfield code="a">عنوان غلاف.</subfield>
  </datafield>
  <datafield tag="504" ind1=" " ind2=" ">
    <subfield code="a">يتضمن مراجع ببليوغرافية (صفحات 255-256)</subfield>
  </datafield>
  <datafield tag="650" ind1=" " ind2="4">
    <subfield code="a">التعليم المهني</subfield>
    <subfield code="z">العراق.</subfield>
  </datafield>
  <datafield tag="650" ind1=" " ind2="4">
    <subfield code="a">التعليم التقني</subfield>
    <subfield code="z">العراق.</subfield>
  </datafield>
  <datafield tag="650" ind1=" " ind2="4">
    <subfield code="a">التدريب اليدوي</subfield>
    <subfield code="z">العراق.</subfield>
  </datafield>
  <datafield tag="650" ind1=" " ind2="0">
    <subfield code="a">Vocational education</subfield>
    <subfield code="z">Iraq.</subfield>
  </datafield>
  <datafield tag="650" ind1=" " ind2="0">
    <subfield code="a">Technical education</subfield>
    <subfield code="z">Iraq.</subfield>
  </datafield>
  <datafield tag="650" ind1=" " ind2="0">
    <subfield code="a">Manual training</subfield>
    <subfield code="z">Iraq.</subfield>
  </datafield>
  <datafield tag="700" ind1="1" ind2=" ">
    <subfield code="6">880-05</subfield>
    <subfield code="a">Khayyāṭ, Jaʻfar.</subfield>
    <subfield code="e">translator.</subfield>
    <subfield code="0">https://lccn.loc.gov/nr94038892 ,</subfield>
  </datafield>
  <datafield tag="773" ind1="0" ind2=" ">
    <subfield code="6">880-06</subfield>
    <subfield code="t">Muʻallim al-jadīd.</subfield>
    <subfield code="d">Kānūn al-Thānī 1954.</subfield>
    <subfield code="g">al-sanah al-sābiʻah ʻasharah</subfield>
    <subfield code="g">كانون الثاني 1954.</subfield>
    <subfield code="g">السنة السابعة عشرة</subfield>
    <subfield code="w">(OCoLC)1034550661</subfield>
    <subfield code="w">(OCoLC)1034550661</subfield>
  </datafield>
  <datafield tag="852" ind1=" " ind2=" ">
    <subfield code="a">Jafet Library</subfield>
    <subfield code="e">American University of Beirut, Bliss Street , Beirut, Lebanon.</subfield>
  </datafield>
  <datafield tag="880" ind1="1" ind2=" ">
    <subfield code="6">100-01/(3/r</subfield>
    <subfield code="a">فورد، ادوين ك.،</subfield>
    <subfield code="e">مؤلف. </subfield>
    <subfield code="4">aut.</subfield>
  </datafield>
  <datafield tag="880" ind1="1" ind2="3">
    <subfield code="6">245-02/(3/r</subfield>
    <subfield code="a">التعليم الصناعي في العراق :</subfield>
    <subfield code="b">جزء خاص /</subfield>
    <subfield code="c">للمستر ادوين ك. فورد، مدير قسم التعليم المهني، هاليفاكس - نوفاسكوشيا، كندا وخبير التعليم الصناعي في اليونسكو المنتدب الى وزارة المعارف العراقية سنة 951-952 ؛ ترجمة جعفر الخياط، المفتش الاداري العام للمنطقة الرابعة.</subfield>
  </datafield>
  <datafield tag="880" ind1=" " ind2="1">
    <subfield code="6">264-03/(3/r</subfield>
    <subfield code="a">بغداد :</subfield>
    <subfield code="b">مجلة المعلم الجديد،</subfield>
    <subfield code="c">1954.</subfield>
  </datafield>
  <datafield tag="880" ind1=" " ind2=" ">
    <subfield code="6">300-04/(3/r</subfield>
    <subfield code="a">256 صفحة ؛</subfield>
    <subfield code="c">24 سم</subfield>
  </datafield>
  <datafield tag="880" ind1="1" ind2=" ">
    <subfield code="6">700-05/(3/r</subfield>
    <subfield code="a">الخياط، جعفر،</subfield>
    <subfield code="0">https://lccn.loc.gov/nr94038892 ,</subfield>
    <subfield code="e">مترجم. </subfield>
    <subfield code="4">trl.</subfield>
  </datafield>
  <datafield tag="880" ind1="0" ind2=" ">
    <subfield code="6">773-06/(3/r</subfield>
    <subfield code="t">المعلم الجديد.</subfield>
    <subfield code="d">Baghdād : Wizārat al-Tarbiyah wa-al-Taʻlīm, [1935-1989]</subfield>
    <subfield code="g">al-juzʼ al-thālith.</subfield>
    <subfield code="d">Kānūn al-Thānī 1954.</subfield>
    <subfield code="g">al-sanah al-sābiʻah ʻasharah</subfield>
    <subfield code="w">(LEAUB)b12830379</subfield>
    <subfield code="w">(OCoLC)1034550661</subfield>
  </datafield>
  <datafield tag="907" ind1=" " ind2=" ">
    <subfield code="a">.b12465823</subfield>
    <subfield code="b">19-11-08</subfield>
    <subfield code="c">11-05-24</subfield>
  </datafield>
  <datafield tag="907" ind1=" " ind2=" ">
    <subfield code="a">.b12465823</subfield>
    <subfield code="b">15-10-15</subfield>
    <subfield code="c">11-05-24</subfield>
  </datafield>
  <datafield tag="945" ind1=" " ind2=" ">
    <subfield code="f">J</subfield>
    <subfield code="a">371.42:F69tA</subfield>
    <subfield code="g">1</subfield>
    <subfield code="i">01023316</subfield>
    <subfield code="j">.i12947891</subfield>
    <subfield code="l">u0503</subfield>
  </datafield>
  <datafield tag="998" ind1=" " ind2=" ">
    <subfield code="a">u05</subfield>
    <subfield code="b">97-05-27</subfield>
    <subfield code="c">m</subfield>
    <subfield code="d">a  </subfield>
    <subfield code="e">-</subfield>
    <subfield code="f">ara</subfield>
    <subfield code="g">iq </subfield>
    <subfield code="h">0</subfield>
    <subfield code="i">1</subfield>
  </datafield>
</record>
</collection>
